<record><leader>00000cas a22000007a 4500</leader><controlfield tag="001">10320285</controlfield><controlfield tag="008">840120d18661876njudn ne      0    0eng d</controlfield><controlfield tag="009">3781</controlfield><datafield ind1=" " ind2=" " tag="010"><subfield code="a">sn 84026181 </subfield></datafield><datafield ind1=" " ind2=" " tag="040"><subfield code="a">NPU</subfield><subfield code="b">eng</subfield><subfield code="c">NPU</subfield><subfield code="d">DLC</subfield><subfield code="d">NPX</subfield><subfield code="d">NPA</subfield><subfield code="d">NJW</subfield><subfield code="d">GUA</subfield><subfield code="d">DLC</subfield><subfield code="d">OCLCQ</subfield></datafield><datafield ind1="1" ind2=" " tag="029"><subfield code="a">AU@</subfield><subfield code="b">000026223102</subfield></datafield><datafield ind1=" " ind2=" " tag="042"><subfield code="a">msc</subfield></datafield><datafield ind1="0" ind2="0" tag="050"><subfield code="a">Newspaper</subfield></datafield><datafield ind1="0" ind2="4" tag="245"><subfield code="a">The Newark evening courier.</subfield></datafield><datafield ind1="3" ind2="0" tag="246"><subfield code="a">Evening courier</subfield></datafield><datafield ind1=" " ind2=" " tag="260"><subfield code="a">Newark, N.J. :</subfield><subfield code="b">F.F. Patterson,</subfield><subfield code="c">1866-1876.</subfield></datafield><datafield ind1=" " ind2=" " tag="300"><subfield code="a">v. :</subfield><subfield code="b">ill. (chiefly advertisements)</subfield></datafield><datafield ind1=" " ind2=" " tag="310"><subfield code="a">Daily (except Sun.)</subfield></datafield><datafield ind1="0" ind2=" " tag="362"><subfield code="a">Vol. 1, no. 1 (June 18, 1866)-v. 10, no. 248 (Apr. 7, 1876).</subfield></datafield><datafield ind1=" " ind2=" " tag="500"><subfield code="a">Publishers: Potter &amp; Smith, &lt;1872&gt;; Francis W. Potter &amp; Co., &lt;1873&gt;; A. Monroe Porter, Francis W. Potter, &lt;1874&gt;; A. Monroe Porter, &lt;1875&gt;; Essex County Print. &amp; Pub. Co., &lt;1875&gt;.</subfield></datafield><datafield ind1=" " ind2=" " tag="500"><subfield code="a">"Republican."</subfield></datafield><datafield ind1=" " ind2=" " tag="530"><subfield code="a">Also issued on microfilm as part of the Civil War newspapers collection.</subfield></datafield><datafield ind1=" " ind2=" " tag="752"><subfield code="a">United States</subfield><subfield code="b">New Jersey</subfield><subfield code="c">Essex</subfield><subfield code="d">Newark.</subfield></datafield><datafield ind1="0" ind2=" " tag="775"><subfield code="t">Newark weekly courier</subfield><subfield code="w">(DLC)sn 84026178</subfield><subfield code="w">(OCoLC)10320223</subfield></datafield><datafield ind1="0" ind2="0" tag="785"><subfield code="t">Newark daily courier</subfield><subfield code="w">(DLC)sn 84020482</subfield><subfield code="w">(OCoLC)10939664</subfield></datafield></record>